
@unpublished{merz_autonome_2,
    title = {Autonome Systeme 2 - Lokalisierung, Kartierung, Pfadplanung},
    pagetotal = {59},
    author = {Merz, Robert},
    date = {2021},
    langid = {german}
}
